<record><leader>00000cas a2200000 a 4500</leader><controlfield tag="001">8782825</controlfield><controlfield tag="008">820917d18821904mnuwr ne      0    0eng c</controlfield><datafield ind1=" " ind2=" " tag="010"><subfield code="a">sn 83025965 </subfield></datafield><datafield ind1=" " ind2=" " tag="040"><subfield code="a">BTS</subfield><subfield code="b">eng</subfield><subfield code="c">BTS</subfield><subfield code="d">NPV</subfield><subfield code="d">PPM</subfield><subfield code="d">NYS</subfield><subfield code="d">MN#</subfield><subfield code="d">NVH</subfield><subfield code="d">ATL</subfield><subfield code="d">OCL</subfield><subfield code="d">ATL</subfield><subfield code="d">OCLCQ</subfield><subfield code="d">OCLCF</subfield><subfield code="d">OCLCO</subfield></datafield><datafield ind1="1" ind2=" " tag="029"><subfield code="a">AU@</subfield><subfield code="b">000020414014</subfield></datafield><datafield ind1=" " ind2=" " tag="042"><subfield code="a">pcc</subfield></datafield><datafield ind1=" " ind2=" " tag="043"><subfield code="a">n-us-mn</subfield></datafield><datafield ind1=" " ind2=" " tag="052"><subfield code="a">4144</subfield><subfield code="b">M5</subfield></datafield><datafield ind1=" " ind2=" " tag="090"><subfield code="a">BX6370</subfield><subfield code="b">.F4</subfield></datafield><datafield ind1="0" ind2=" " tag="130"><subfield code="a">Free Baptist (Minneapolis, Minn.)</subfield></datafield><datafield ind1="1" ind2="4" tag="245"><subfield code="a">The Free Baptist.</subfield></datafield><datafield ind1=" " ind2=" " tag="260"><subfield code="a">Minneapolis, Minn. :</subfield><subfield code="b">E.W. Stevens,</subfield><subfield code="c">-1904.</subfield></datafield><datafield ind1=" " ind2=" " tag="300"><subfield code="a">22 v.</subfield></datafield><datafield ind1=" " ind2=" " tag="310"><subfield code="a">Weekly</subfield></datafield><datafield ind1="1" ind2=" " tag="362"><subfield code="a">Began with June 7, 1882 issue.</subfield><subfield code="z">Cf. Union list of serials.</subfield></datafield><datafield ind1="0" ind2=" " tag="362"><subfield code="a">-v. 23, no. 12 (July 6, 1904).</subfield></datafield><datafield ind1=" " ind2=" " tag="500"><subfield code="a">Publisher: Western Free Baptist Pub. Society &lt;1893&gt;.</subfield></datafield><datafield ind1=" " ind2=" " tag="500"><subfield code="a">Editor: &lt;Sept. 27, 1893&gt; J.T. Ward.</subfield></datafield><datafield ind1=" " ind2=" " tag="530"><subfield code="a">Also issued on microfilm by American Theological Library Association.</subfield></datafield><datafield ind1=" " ind2=" " tag="580"><subfield code="a">Merged with: Morning star (Limerick, Me.), to form: Morning star and free Baptist.</subfield></datafield><datafield ind1=" " ind2=" " tag="588"><subfield code="a">Description based on: Vol. 1, no. 4 (june 28, 1882).</subfield></datafield><datafield ind1=" " ind2="0" tag="650"><subfield code="a">Baptists</subfield><subfield code="z">Minnesota</subfield><subfield code="v">Periodicals.</subfield></datafield><datafield ind1=" " ind2="7" tag="655"><subfield code="a">Periodicals.</subfield><subfield code="2">fast</subfield><subfield code="0">(OCoLC)fst01411641</subfield></datafield><datafield ind1=" " ind2="7" tag="650"><subfield code="a">Baptists.</subfield><subfield code="2">fast</subfield><subfield code="0">(OCoLC)fst00827285</subfield></datafield><datafield ind1=" " ind2="7" tag="651"><subfield code="a">Minnesota.</subfield><subfield code="2">fast</subfield><subfield code="0">(OCoLC)fst01204560</subfield></datafield><datafield ind1="2" ind2=" " tag="710"><subfield code="a">Western Freewill Baptist Publishing Association.</subfield></datafield><datafield ind1=" " ind2=" " tag="752"><subfield code="a">United States</subfield><subfield code="b">Minnesota</subfield><subfield code="c">Hennepin</subfield><subfield code="d">Minneapolis.</subfield></datafield><datafield ind1="1" ind2=" " tag="776"><subfield code="c">Microfilm</subfield><subfield code="d">American Theological Library Association</subfield><subfield code="w">(DLC)  2001221437</subfield><subfield code="w">(OCoLC)46932543</subfield></datafield><datafield ind1="0" ind2="5" tag="780"><subfield code="t">Open door</subfield></datafield><datafield ind1="1" ind2="7" tag="785"><subfield code="t">Morning star (Limerick, Me.)</subfield><subfield code="w">(DLC)sn 84024361</subfield><subfield code="w">(OCoLC)11241045</subfield></datafield><datafield ind1="1" ind2="7" tag="785"><subfield code="t">Morning star and free Baptist</subfield><subfield code="w">(DLC)   00221922</subfield><subfield code="w">(OCoLC)9208268</subfield></datafield></record>